@article{van2008visualizing,
  title={Visualizing data using t-SNE.},
  author={Van der Maaten, Laurens and Hinton, Geoffrey},
  journal={Journal of machine learning research},
  volume={9},
  number={11},
  year={2008}
}

@article{hyp_testing,
  title={Exercise sheet 5.},
  author={Hennig, Philipp and Tatzel, Lukas},
  journal={Data Literacy},
  volume={WS},
  year={2021}
}


@article{lasso,
 ISSN = {00359246},
 URL = {http://www.jstor.org/stable/2346178},
 author = {Robert Tibshirani},
 journal = {Journal of the Royal Statistical Society. Series B (Methodological)},
 number = {1},
 pages = {267--288},
 publisher = {[Royal Statistical Society, Wiley]},
 title = {Regression Shrinkage and Selection via the Lasso},
 volume = {58},
 year = {1996}
}